<?xml version="1.0" encoding="UTF-8"?><collection><record><leader>07701ntm a2200733 a 4500</leader><controlfield tag="001">006079836</controlfield><controlfield tag="003">MiAaHDL</controlfield><controlfield tag="005">20190719000000.0</controlfield><controlfield tag="006">m        d        </controlfield><controlfield tag="007">cr bn ---auaua</controlfield><controlfield tag="008">090413s1736    xx            00| ||ota d</controlfield><datafield tag="035" ind1=" " ind2=" "><subfield code="a">(MiU)006079836</subfield></datafield><datafield tag="035" ind1=" " ind2=" "><subfield code="a">sdr-miu006079836</subfield></datafield><datafield tag="040" ind1=" " ind2=" "><subfield code="a">MiU</subfield><subfield code="c">MiU</subfield><subfield code="e">amremm</subfield></datafield><datafield tag="041" ind1="0" ind2=" "><subfield code="a">ota</subfield><subfield code="a">ara</subfield></datafield><datafield tag="043" ind1=" " ind2=" "><subfield code="a">n-us-mi</subfield></datafield><datafield tag="100" ind1="0" ind2=" "><subfield code="6">880-01</subfield><subfield code="a">Minkarizade Yahya Efendi,</subfield><subfield code="d">1609 or 1610-1678.</subfield></datafield><datafield tag="240" ind1="1" ind2="0"><subfield code="6">880-02</subfield><subfield code="a">Fetava-yı Ataullah.</subfield><subfield code="n">niṣf 2</subfield></datafield><datafield tag="245" ind1="1" ind2="0"><subfield code="6">880-03</subfield><subfield code="a">[Fetava-yı Ataullah nisf-i sani,</subfield><subfield code="f">1149, i.e. 1736].</subfield></datafield><datafield tag="246" ind1="3" ind2=" "><subfield code="i">Edge title (head):</subfield><subfield code="a">فتاواى عبد الغنى افندى</subfield></datafield><datafield tag="246" ind1="3" ind2="8"><subfield code="a">نصف فتاواى عبد الغنى ومعروضات ابو السعود</subfield></datafield><datafield tag="260" ind1=" " ind2=" "><subfield code="c">[1736].</subfield></datafield><datafield tag="300" ind1=" " ind2=" "><subfield code="a">280 leaves :</subfield><subfield code="b">paper ;</subfield><subfield code="c">212 x 145 (137 x 78) mm. bound to 212 x 148 mm.</subfield></datafield><datafield tag="500" ind1=" " ind2=" "><subfield code="a">Shelfmark: Ann Arbor, University of Michigan, Special Collections Library, Isl. Ms. 69</subfield></datafield><datafield tag="500" ind1=" " ind2=" "><subfield code="a">Origin: As appears in colophon on fol.268b (p.537), copied ("ḥarrarahu...") by Aḥmad ibn Rajab ibn Bāyazīd al-Qaramānī. Transcription finished 4 Muḥarram 1149 [ca. 15 May 1736].</subfield></datafield><datafield tag="500" ind1=" " ind2=" "><subfield code="a">Accompanying materials: Slip carrying notes between pp.214-215 (not paginated).</subfield></datafield><datafield tag="500" ind1=" " ind2=" "><subfield code="a">Former shelfmark: British Museum, London "No. 150. Legal decisions of Abd al-Ghani."</subfield></datafield><datafield tag="500" ind1=" " ind2=" "><subfield code="a">Binding: Pasteboards covered in black leather ; Type II binding (with flap, flap now lost) ; board linings in laid paper ; upper and lower covers carry blind-stamped mandorla with floral vegetal composition ; sewn in cream thread, two stations ; endbands in light blue and cream, fair condition ; overall in poor condition with much abrasion, lifting and losses of leather, delamination of boards, loss of flap, upper cover detaching, etc. ; repairs in brown leather.</subfield></datafield><datafield tag="500" ind1=" " ind2=" "><subfield code="a">Support: European laid paper of several types ; early quires in a European paper having 7 laid lines per cm. (vertical) and chain lines spaced 28-30 mm. apart (horizontal), horn (?) watermark ; other quires in another thinner European paper with 11 laid lines per cm. (vertical) and chain lines spaced 28 mm. apart, scrollwork with pedestal watermark and "A C" countermark ; some leaves in still another European paper with 14 laid lines per cm. (vertical) and chain lines spaced 26 mm. apart, watermark with grapes ; not heavily burnished.</subfield></datafield><datafield tag="500" ind1=" " ind2=" "><subfield code="a">Decoration: Keywords, section headings, sigla, and occasional notabilia (side-heads) rubricated ; overlining and textual dividers in the form of discs in red ; written area surrounded by red rule-border.</subfield></datafield><datafield tag="500" ind1=" " ind2=" "><subfield code="a">Script: Nastaʻlīq (talik) ; characteristically sans serif with effect of words descending to baseline, mainly closed counters, occasional sweeping descenders and elongated horizontal strokes.</subfield></datafield><datafield tag="500" ind1=" " ind2=" "><subfield code="a">Layout: Written in 15 lines per page ; frame-ruled.</subfield></datafield><datafield tag="500" ind1=" " ind2=" "><subfield code="a">Collation: i, 2 V(20), VI (32), 15 V(182), V+2 (194), 7 V(264), 2 IV(280) ; chiefly quinions ; final quire following treatise of Abū al-Suʻūd mainly left blank ; catchwords present ; foliation in black ink, Hindu-Arabic numerals (begins with ۲۹٦ on opening folio of text/fol.2a/p.5) ; pagination in pencil, Western numerals, supplied during digitization (includes flyleaf, skips two pages between pp.505-506, skips p.536).</subfield></datafield><datafield tag="500" ind1=" " ind2=" "><subfield code="a">Colophon: "Scribal," triangular, reads: "حرره الفقير اليه سبحانه وتعالى احمد المدعو بمولانا ابن رجب [؟] بن بايزيد القرمانى رحمهم الله عليهم وعلى سائر الاقرباء والاصدقاء سنة تسع واربعين ومائة والف في اليوم الاربع من محرم الحرام"</subfield></datafield><datafield tag="500" ind1=" " ind2=" "><subfield code="a">Explicit: "حد قديم نه در الجواب برامردركه اولنى بيلور اولميه حد القديم ما لا يحفظه القران من محيط البرهاني في كتاب ما يمنع عنه الانسان ما لا يمنع. تمت الكتاب بعون الله الملك الوهاب"</subfield></datafield><datafield tag="500" ind1=" " ind2=" "><subfield code="a">Incipit: "باب الاجازة المؤجلة و المعجلة ... اقجه بدل [؟] مقابله سنده فراغ وتسليم ..."</subfield></datafield><datafield tag="500" ind1=" " ind2=" "><subfield code="a">Title supplied by cataloguer.</subfield></datafield><datafield tag="500" ind1=" " ind2=" "><subfield code="a">Ms. codex.</subfield></datafield><datafield tag="505" ind1="0" ind2=" "><subfield code="a">4. fol.273a-fol.280b : [all but one leaf carrying an excerpt blank].</subfield></datafield><datafield tag="505" ind1="0" ind2=" "><subfield code="a">3. fol.268b-fol.272b : Maruzat-ı Ebussuud / Abū al-Suʻūd.</subfield></datafield><datafield tag="505" ind1="0" ind2=" "><subfield code="a">2. fol.2a-fol.268b : [Fetava-yı Ataullah] / Minkarizade Yahya Efendi and Ataullah Mehmet Efendi.</subfield></datafield><datafield tag="505" ind1="0" ind2=" "><subfield code="a">1. fol.1b : [table of contents].</subfield></datafield><datafield tag="510" ind1="4" ind2=" "><subfield code="a">Brockelmann, C. GAL,</subfield><subfield code="c">II 439</subfield></datafield><datafield tag="510" ind1="4" ind2=" "><subfield code="a">Brockelmann, C. GAL,</subfield><subfield code="c">II 435 ; S N II 649</subfield></datafield><datafield tag="510" ind1="4" ind2=" "><subfield code="a">Rieu, C. Catalogue of the Turkish Manuscripts in the British Museum,</subfield><subfield code="c">p.16, Add. 7836.</subfield></datafield><datafield tag="520" ind1="8" ind2=" "><subfield code="a">Despite spine and edge titles, appears to be an odd second volume of the collection of legal decisions (fetvas) of Minkarizade Yahya Efendi (d.1678) compiled by Ataullah Mehmet Efendi (d.1715), beginning in the latter part of Kitāb al-ijāzāt. Followed by Maruzat-ı Ebussuud, the collection of legal decisions (fetvas) issued by Abū al-Suʻūd al-ʻImādī (Ebussuud Efendi, d.1574) and sanctioned by Sultan Süleyman I (r.1520-1566).</subfield></datafield><datafield tag="538" ind1=" " ind2=" "><subfield code="a">Mode of access: Internet.</subfield></datafield><datafield tag="541" ind1=" " ind2=" "><subfield code="c">Purchase ;</subfield><subfield code="a">Acquired by purchase along with Abdul Hamid Collection (funds donated by Horace Rackham).</subfield><subfield code="d">1924.</subfield></datafield><datafield tag="546" ind1=" " ind2=" "><subfield code="a">Ottoman Turkish and Arabic.</subfield></datafield><datafield tag="561" ind1=" " ind2=" "><subfield code="a">Bookplate of British Museum, London on interior of upper cover, "British Museum, London. No. 150. Legal decisions of Abd al-Ghani." ; circular seal impression with figure of goat/gazelle in purple ink as well as inscription "195" in Western numerals on front flyleaf (p.1) ; on blue-tinted paper pasted at close (fol.268b/p.537), a detailed waqf statement in the name of al-Sayyid ʻAbd Allāh Adīb (Abdullah Edip), known as Jannatʹzādah (Cennet-zade), qāḍī of Erzurum, accompanied by his seal, reads: "وقفت وقفا صحيحا شرعيا بشرط ان لا يخرج من بيت الكتب الذي بنيته في اتصال داري الا لعلماء نفس ارضروم بكفيل مرعى اورهن قوي وانا الفقير السيد عبد الله اديب الشهير بجنت زاده القاضي بمدينة ارضروم عفى [كذا] في سنة اثنى وستين ومائتين والف" ; an octagonal seal impression is repeated several times in the outer margin of fol.52a (p.105) ; occasional glossses (often surrounded by red rule-border), notabilia (side-heads), and marginal corrections.</subfield></datafield><datafield tag="650" ind1=" " ind2="0"><subfield code="a">Manuscripts, Arabic</subfield><subfield code="z">Michigan</subfield><subfield code="z">Ann Arbor.</subfield></datafield><datafield tag="650" ind1=" " ind2="0"><subfield code="a">Manuscripts, Turkish</subfield><subfield code="z">Michigan</subfield><subfield code="z">Ann Arbor.</subfield></datafield><datafield tag="650" ind1=" " ind2="0"><subfield code="a">Islamic law</subfield><subfield code="x">Interpretation and construction</subfield><subfield code="v">Early works to 1800.</subfield></datafield><datafield tag="700" ind1="0" ind2=" "><subfield code="6">880-06</subfield><subfield code="a">Ahmet bin Recep bin Bayazit Karamani,</subfield><subfield code="d">fl.1736,</subfield><subfield code="e">scribe.</subfield></datafield><datafield tag="700" ind1="0" ind2=" "><subfield code="6">880-05</subfield><subfield code="a">Abū al-Saʻūd Muḥammad ibn Muḥammad,</subfield><subfield code="d">1492 or 1493-1574 or 1575.</subfield><subfield code="t">Maruzat-ı Ebussuud.</subfield></datafield><datafield tag="700" ind1="0" ind2=" "><subfield code="6">880-04</subfield><subfield code="a">Ataullah Mehmet Efendi,</subfield><subfield code="d">-1715.</subfield></datafield><datafield tag="740" ind1="0" ind2="2"><subfield code="a">Maʻrūḍāt Abū al-Suʻūd</subfield></datafield><datafield tag="773" ind1="0" ind2=" "><subfield code="a">Tiflis Collection.</subfield></datafield><datafield tag="880" ind1="0" ind2=" "><subfield code="6">700-06/</subfield><subfield code="a">احمد بن رجب بن بايزيد القرمانى،</subfield><subfield code="e">ناسخ.</subfield></datafield><datafield tag="880" ind1="0" ind2=" "><subfield code="6">700-05/</subfield><subfield code="a">ابو السعود محمد بن محمد.</subfield><subfield code="t">معروضات ابو السعود.</subfield></datafield><datafield tag="880" ind1="0" ind2=" "><subfield code="6">700-04/</subfield><subfield code="a">عطاء الله محمد افندى.</subfield></datafield><datafield tag="880" ind1="1" ind2="0"><subfield code="6">245-03/</subfield><subfield code="a">[فتاواى عطاء الله نصف ثانى,</subfield><subfield code="f">1149ه, 1736م].</subfield></datafield><datafield tag="880" ind1="1" ind2="0"><subfield code="6">240-02/</subfield><subfield code="a">فتاواى عطاء الله.</subfield><subfield code="n">نصف 2</subfield></datafield><datafield tag="880" ind1="0" ind2=" "><subfield code="6">100-01/</subfield><subfield code="a">منقارى زاده يحيى افندى.</subfield></datafield><datafield tag="CID" ind1=" " ind2=" "><subfield code="a">006079836</subfield></datafield><datafield tag="DAT" ind1="0" ind2=" "><subfield code="a">20190719102634.0</subfield><subfield code="b">20190719000000.0</subfield></datafield><datafield tag="DAT" ind1="1" ind2=" "><subfield code="a">20190719090653.0</subfield><subfield code="b">2019-07-19T16:11:14Z</subfield></datafield><datafield tag="DAT" ind1="2" ind2=" "><subfield code="a">2015-10-10T18:00:06Z</subfield></datafield><datafield tag="CAT" ind1=" " ind2=" "><subfield code="a">SDR-MIU</subfield><subfield code="d">EX LIBRIS - ALEPH</subfield><subfield code="l">prepare.pl-004-008</subfield></datafield><datafield tag="FMT" ind1=" " ind2=" "><subfield code="a">BK</subfield></datafield><datafield tag="HOL" ind1=" " ind2=" "><subfield code="0">sdr-miu006079836</subfield><subfield code="a">MiU</subfield><subfield code="b">SDR</subfield><subfield code="c">MIU</subfield><subfield code="p">mdp.39015079125004</subfield><subfield code="s">MIU</subfield><subfield code="1">006079836</subfield></datafield><datafield tag="974" ind1=" " ind2=" "><subfield code="b">MIU</subfield><subfield code="c">MIU</subfield><subfield code="d">20190719</subfield><subfield code="s">lit-dlps-dc</subfield><subfield code="u">mdp.39015079125004</subfield><subfield code="y">1736</subfield><subfield code="r">pd</subfield><subfield code="q">bib</subfield><subfield code="t">non-US bib date1 &lt; 1896</subfield></datafield></record></collection>